<?xml version='1.0' encoding='UTF-8'?>
<record xmlns="http://www.loc.gov/MARC21/slim">
  <leader>02825cam a2200397 a 4500</leader>
  <controlfield tag="001">972154</controlfield>
  <controlfield tag="003">NjP</controlfield>
  <controlfield tag="005">20170605130656.0</controlfield>
  <controlfield tag="008">950503s1861    ua            000 0 ara d</controlfield>
  <datafield tag="024" ind1="7" ind2=" ">
    <subfield code="a">princeton_aco001974</subfield>
    <subfield code="2">local</subfield>
  </datafield>
  <datafield ind1=" " ind2=" " tag="035">
    <subfield code="a">(OCoLC)32540547</subfield>
  </datafield>
  <datafield ind1=" " ind2=" " tag="035">
    <subfield code="a">(OCoLC)ocn176497094</subfield>
  </datafield>
  <datafield ind1=" " ind2=" " tag="035">
    <subfield code="a">(OCoLC)176497094</subfield>
  </datafield>
  <datafield ind1=" " ind2=" " tag="035">
    <subfield code="a">(CStRLIN)NJPG95-B28281</subfield>
  </datafield>
  <datafield ind1=" " ind2=" " tag="035">
    <subfield code="9">CBT8240TS</subfield>
  </datafield>
  <datafield ind1=" " ind2=" " tag="035">
    <subfield code="a">(NjP)972154</subfield>
  </datafield>
  <datafield ind1=" " ind2=" " tag="040">
    <subfield code="a">NjP</subfield>
    <subfield code="c">PUL</subfield>
    <subfield code="d">PUL</subfield>
  </datafield>
  <datafield ind1=" " ind2=" " tag="049">
    <subfield code="a">PULL</subfield>
  </datafield>
  <datafield ind1=" " ind2=" " tag="079">
    <subfield code="a">ocm32540547</subfield>
  </datafield>
  <datafield ind1="1" ind2=" " tag="100">
    <subfield code="6">880-01</subfield>
    <subfield code="a">Ibn Ẓafar, Muḥammad ibn ʻAbd Allāh,</subfield>
    <subfield code="d">1104-1169.</subfield>
    <subfield code="0">http://id.loc.gov/authorities/names/n89239045</subfield>
  </datafield>
  <datafield ind1="1" ind2="0" tag="240">
    <subfield code="6">880-02</subfield>
    <subfield code="a">Sulwān al-muṭāʻ fī ʻudwān al-atbāʻ</subfield>
  </datafield>
  <datafield ind1="1" ind2="0" tag="245">
    <subfield code="6">880-03</subfield>
    <subfield code="a">Kitāb Sulwān al-muṭāʻ fī ʻudwān al-atbāʻ /</subfield>
    <subfield code="c">taʼlīf Muḥammad ibn Abī Muḥammad ibn Ẓafar al-Mālikī.</subfield>
  </datafield>
  <datafield ind1=" " ind2=" " tag="260">
    <subfield code="6">880-04</subfield>
    <subfield code="a">[Cairo] :</subfield>
    <subfield code="b">ʻAbd al-Hādī al-Abyārī wa-Aḥmad Afandī al-Azharī,</subfield>
    <subfield code="c">1278 [1861]</subfield>
  </datafield>
  <datafield ind1=" " ind2=" " tag="300">
    <subfield code="a">125, [1] p. ;</subfield>
    <subfield code="c">24 cm.</subfield>
  </datafield>
  <datafield ind1=" " ind2=" " tag="590">
    <subfield code="a">Copy 1 with: Tārīkh al-Sulṭān Salīm Khān ibn al-Sulṭān Bāyazīd Khān maʻa Qānṣūh al-Ghūrī sulṭān Miṣr wa-aʻmālihā. [Cairo : s.n.], 1278 [1861] -- Dīwān al-lawdhaʻī / al-Shābb al-Ẓarīf Muḥammad ibn Sulaymān. [S.l.] : Maṭbaʻat al-Khawājā Mūsá Kasutlī, 1274 [1857 or 1858] -- Futūḥ Miṣr wa-aʻmālihā / lil-Shaykh Ibn Isḥāq al-Umawī. Miṣr al-Qāhirah : Maṭbaʻat al-Ḥajr, 1275 [1858].</subfield>
  </datafield>
  <datafield ind1=" " ind2="0" tag="650">
    <subfield code="a">Political science</subfield>
    <subfield code="y">Early works to 1800.</subfield>
    <subfield code="0">http://id.loc.gov/authorities/subjects/sh85104443</subfield>
  </datafield>
  <datafield ind1=" " ind2="0" tag="650">
    <subfield code="a">Islamic ethics.</subfield>
    <subfield code="0">http://id.loc.gov/authorities/subjects/sh85068451</subfield>
  </datafield>
  <datafield ind1=" " ind2="0" tag="650">
    <subfield code="a">Fables, Arabic.</subfield>
    <subfield code="0">http://id.loc.gov/authorities/subjects/sh91001547</subfield>
  </datafield>
  <datafield ind1="1" ind2=" " tag="880">
    <subfield code="6">100-01/r</subfield>
    <subfield code="a">ابن ظفر، محمد بن عبد الله،</subfield>
    <subfield code="d">1104-1169.</subfield>
  </datafield>
  <datafield ind1="1" ind2="0" tag="880">
    <subfield code="6">240-02/r</subfield>
    <subfield code="a">سلوان المطاع في عدوان الاتباع</subfield>
  </datafield>
  <datafield ind1="1" ind2="0" tag="880">
    <subfield code="6">245-03/r</subfield>
    <subfield code="a">كتاب سلوان المطاع في عدوان الاتباع /</subfield>
    <subfield code="c">تأليف محمد بن ابي محمد بن ظفر المالكي.</subfield>
  </datafield>
  <datafield ind1=" " ind2=" " tag="880">
    <subfield code="6">260-04/r</subfield>
    <subfield code="a">[القاهرة] :</subfield>
    <subfield code="b">عبد الهادي الابياري وحمد افندي الازهري،</subfield>
    <subfield code="c">1278 [1861]</subfield>
  </datafield>
  <datafield ind1=" " ind2=" " tag="880">
    <subfield code="6">590-05/r</subfield>
    <subfield code="a">With: تاريخ السلطان سليم خان بن السلطان بايزيد خان مع قانصوه الغوري سلطان مصر واعمالها. [ر : s.n.]، 1278 [1861] ديوان اللوذعي / الشاب الظريف محمد بن سليمان. [S.l.] : مطبعة الخواجا موسى كستلي، 1274 [1857 or 1858] فتوح مصر واعمالها / للشيخ ابن اسحاق الاموي. مصر القاهرة : مطبعة الحجر، 1275 [1858].</subfield>
  </datafield>
  <datafield ind1=" " ind2=" " tag="998">
    <subfield code="a">05/15/95</subfield>
    <subfield code="s">9114</subfield>
    <subfield code="n">NjP</subfield>
    <subfield code="w">NJPG95B28281</subfield>
    <subfield code="d">05/03/95</subfield>
    <subfield code="c">AAH</subfield>
    <subfield code="b">AAH</subfield>
    <subfield code="i">950515</subfield>
    <subfield code="l">NJPG</subfield>
  </datafield>
  <datafield ind1=" " ind2=" " tag="911">
    <subfield code="a">19950525</subfield>
  </datafield>
  <datafield ind1=" " ind2=" " tag="912">
    <subfield code="a">19961008054311.0</subfield>
  </datafield>
  <datafield ind1=" " ind2=" " tag="994">
    <subfield code="a">C0</subfield>
    <subfield code="b">PUL</subfield>
  </datafield>
  <datafield ind1=" " ind2=" " tag="999">
    <subfield code="a">972154</subfield>
  </datafield>
  <datafield ind1="0" ind2="0" tag="852">
    <subfield code="0">1119320</subfield>
    <subfield code="b">nec</subfield>
    <subfield code="t">2</subfield>
    <subfield code="h">JC393</subfield>
    <subfield code="i">.I269 1861</subfield>
  </datafield>
  <datafield ind1="0" ind2="0" tag="852">
    <subfield code="0">5833785</subfield>
    <subfield code="b">nec</subfield>
    <subfield code="t">1</subfield>
    <subfield code="h">JC393</subfield>
    <subfield code="i">.I269 1861</subfield>
  </datafield>
  <datafield ind1=" " ind2=" " tag="959">
    <subfield code="a">2000-06-13 00:00:00 -0400</subfield>
  </datafield>
</record>
